<?xml version="1.0" encoding="UTF-8"?>
<marc:collection xmlns="http://www.loc.gov/MARC21/slim" xmlns:marc="http://www.loc.gov/MARC21/slim" xmlns:xsi="http://www.w3.org/2001/XMLSchema-instance" xsi:schemaLocation="http://www.loc.gov/standards/marcxml/schema/MARC21slim.xsd http://www.loc.gov/MARC21/slim">
  <record>
    <leader>00000npcaa2200000 u 4500</leader>
    <controlfield tag="008">181001i19021975xx                  eng d</controlfield>
    <datafield ind1=" " ind2=" " tag="040">
      <subfield code="a">DWP</subfield>
      <subfield code="b">eng</subfield>
      <subfield code="c">DWP</subfield>
      <subfield code="e">dacs</subfield>
    </datafield>
    <datafield ind1="0" ind2="7" tag="041">
      <subfield code="a">eng</subfield>
      <subfield code="2">iso639-2b</subfield>
    </datafield>
    <datafield ind1=" " ind2=" " tag="049">
      <subfield code="a">DWP</subfield>
    </datafield>
    <datafield ind1=" " ind2=" " tag="099">
      <subfield code="a">005</subfield>
    </datafield>
    <datafield ind1="0" ind2="0" tag="245">
      <subfield code="a">Francis A.Gregory Genealogical Collection,</subfield>
      <subfield code="f">1902-1975</subfield>
    </datafield>
    <datafield ind1=" " ind2=" " tag="300">
      <subfield code="a">2.5</subfield>
      <subfield code="f">linear feet; 6 boxes</subfield>
    </datafield>
    <datafield ind1="2" ind2=" " tag="520">
      <subfield code="a">Contains general administrative files that include correspondence, Board meeting minutes, annuals reports, contracts, insurance policies, and grant files.  A substantial amount of financial documentation such as Center budgets, receipts, ledgers, financial statements, deposit sheets, and cash books.  Also contains records which document the Center's history and membership such as guest books, membership directories, and documentation of the Women's Conference in the Visual Arts of 1972.  Publications such as Womensphere, the Center's published journal, and issues of its newsletter are included.  Contains records documenting exhibits mounted at the Center such as exhibition lists, resumes, printed programs, and publicity materials.   Also contains audiovisual materials, including audio recordings, video recordings, slides, and photographs of events and exhibits at the Center.</subfield>
    </datafield>
    <datafield ind1=" " ind2=" " tag="546">
      <subfield code="a">English.</subfield>
    </datafield>
    <datafield ind1="1" ind2=" " tag="561">
      <subfield code="a">Mrs. Francis A.Gregory proposed the development of a genealogical collection to document the history of certain prominent African-American families in Washington, D.C. history.  Eunice Shaed donated the Shaed family papers.</subfield>
    </datafield>
    <datafield ind1=" " ind2="7" tag="650">
      <subfield code="a">African Americans</subfield>
      <subfield code="2">Library of Congress Subject Headings</subfield>
    </datafield>
    <datafield ind1=" " ind2=" " tag="852">
      <subfield code="a">DWP</subfield>
    </datafield>
    <datafield ind1="4" ind2="2" tag="856">
      <subfield code="z">Finding aid online:</subfield>
      <subfield code="u">http://washingtoniana.dclibrary.org</subfield>
    </datafield>
  </record>
</marc:collection>

